%YAML 1.1
%TAG !u! tag:unity3d.com,2011:
--- !u!1 &101126
GameObject:
  m_ObjectHideFlags: 0
  m_PrefabParentObject: {fileID: 0}
  m_PrefabInternal: {fileID: 100100000}
  serializedVersion: 4
  m_Component:
  - 4: {fileID: 408128}
  - 114: {fileID: 11441152}
  m_Layer: 0
  m_Name: line
  m_TagString: Untagged
  m_Icon: {fileID: 0}
  m_NavMeshLayer: 0
  m_StaticEditorFlags: 0
  m_IsActive: 1
--- !u!1 &101328
GameObject:
  m_ObjectHideFlags: 0
  m_PrefabParentObject: {fileID: 0}
  m_PrefabInternal: {fileID: 100100000}
  serializedVersion: 4
  m_Component:
  - 4: {fileID: 423056}
  - 114: {fileID: 11468900}
  m_Layer: 0
  m_Name: line
  m_TagString: Untagged
  m_Icon: {fileID: 0}
  m_NavMeshLayer: 0
  m_StaticEditorFlags: 0
  m_IsActive: 1
--- !u!1 &104246
GameObject:
  m_ObjectHideFlags: 0
  m_PrefabParentObject: {fileID: 0}
  m_PrefabInternal: {fileID: 100100000}
  serializedVersion: 4
  m_Component:
  - 4: {fileID: 437482}
  - 114: {fileID: 11427106}
  m_Layer: 0
  m_Name: line
  m_TagString: Untagged
  m_Icon: {fileID: 0}
  m_NavMeshLayer: 0
  m_StaticEditorFlags: 0
  m_IsActive: 1
--- !u!1 &107700
GameObject:
  m_ObjectHideFlags: 0
  m_PrefabParentObject: {fileID: 0}
  m_PrefabInternal: {fileID: 100100000}
  serializedVersion: 4
  m_Component:
  - 4: {fileID: 442404}
  - 114: {fileID: 11402734}
  m_Layer: 0
  m_Name: line
  m_TagString: Untagged
  m_Icon: {fileID: 0}
  m_NavMeshLayer: 0
  m_StaticEditorFlags: 0
  m_IsActive: 1
--- !u!1 &108522
GameObject:
  m_ObjectHideFlags: 0
  m_PrefabParentObject: {fileID: 0}
  m_PrefabInternal: {fileID: 100100000}
  serializedVersion: 4
  m_Component:
  - 4: {fileID: 465286}
  - 114: {fileID: 11447124}
  m_Layer: 0
  m_Name: line
  m_TagString: Untagged
  m_Icon: {fileID: 0}
  m_NavMeshLayer: 0
  m_StaticEditorFlags: 0
  m_IsActive: 1
--- !u!1 &109096
GameObject:
  m_ObjectHideFlags: 0
  m_PrefabParentObject: {fileID: 0}
  m_PrefabInternal: {fileID: 100100000}
  serializedVersion: 4
  m_Component:
  - 4: {fileID: 493082}
  - 114: {fileID: 11442410}
  m_Layer: 0
  m_Name: line
  m_TagString: Untagged
  m_Icon: {fileID: 0}
  m_NavMeshLayer: 0
  m_StaticEditorFlags: 0
  m_IsActive: 1
--- !u!1 &110584
GameObject:
  m_ObjectHideFlags: 0
  m_PrefabParentObject: {fileID: 0}
  m_PrefabInternal: {fileID: 100100000}
  serializedVersion: 4
  m_Component:
  - 4: {fileID: 465540}
  - 114: {fileID: 11487476}
  m_Layer: 0
  m_Name: line
  m_TagString: Untagged
  m_Icon: {fileID: 0}
  m_NavMeshLayer: 0
  m_StaticEditorFlags: 0
  m_IsActive: 1
--- !u!1 &113136
GameObject:
  m_ObjectHideFlags: 0
  m_PrefabParentObject: {fileID: 0}
  m_PrefabInternal: {fileID: 100100000}
  serializedVersion: 4
  m_Component:
  - 4: {fileID: 453182}
  - 114: {fileID: 11475290}
  m_Layer: 0
  m_Name: line
  m_TagString: Untagged
  m_Icon: {fileID: 0}
  m_NavMeshLayer: 0
  m_StaticEditorFlags: 0
  m_IsActive: 1
--- !u!1 &114928
GameObject:
  m_ObjectHideFlags: 0
  m_PrefabParentObject: {fileID: 0}
  m_PrefabInternal: {fileID: 100100000}
  serializedVersion: 4
  m_Component:
  - 4: {fileID: 487188}
  - 114: {fileID: 11424920}
  m_Layer: 0
  m_Name: line
  m_TagString: Untagged
  m_Icon: {fileID: 0}
  m_NavMeshLayer: 0
  m_StaticEditorFlags: 0
  m_IsActive: 1
--- !u!1 &121396
GameObject:
  m_ObjectHideFlags: 0
  m_PrefabParentObject: {fileID: 0}
  m_PrefabInternal: {fileID: 100100000}
  serializedVersion: 4
  m_Component:
  - 4: {fileID: 498100}
  - 114: {fileID: 11427082}
  m_Layer: 0
  m_Name: line
  m_TagString: Untagged
  m_Icon: {fileID: 0}
  m_NavMeshLayer: 0
  m_StaticEditorFlags: 0
  m_IsActive: 1
--- !u!1 &124660
GameObject:
  m_ObjectHideFlags: 0
  m_PrefabParentObject: {fileID: 0}
  m_PrefabInternal: {fileID: 100100000}
  serializedVersion: 4
  m_Component:
  - 4: {fileID: 451454}
  - 114: {fileID: 11441560}
  m_Layer: 0
  m_Name: line
  m_TagString: Untagged
  m_Icon: {fileID: 0}
  m_NavMeshLayer: 0
  m_StaticEditorFlags: 0
  m_IsActive: 1
--- !u!1 &124834
GameObject:
  m_ObjectHideFlags: 0
  m_PrefabParentObject: {fileID: 0}
  m_PrefabInternal: {fileID: 100100000}
  serializedVersion: 4
  m_Component:
  - 4: {fileID: 404196}
  - 114: {fileID: 11408468}
  m_Layer: 0
  m_Name: line
  m_TagString: Untagged
  m_Icon: {fileID: 0}
  m_NavMeshLayer: 0
  m_StaticEditorFlags: 0
  m_IsActive: 1
--- !u!1 &128606
GameObject:
  m_ObjectHideFlags: 0
  m_PrefabParentObject: {fileID: 0}
  m_PrefabInternal: {fileID: 100100000}
  serializedVersion: 4
  m_Component:
  - 4: {fileID: 431086}
  - 114: {fileID: 11480848}
  m_Layer: 0
  m_Name: line
  m_TagString: Untagged
  m_Icon: {fileID: 0}
  m_NavMeshLayer: 0
  m_StaticEditorFlags: 0
  m_IsActive: 1
--- !u!1 &138124
GameObject:
  m_ObjectHideFlags: 0
  m_PrefabParentObject: {fileID: 0}
  m_PrefabInternal: {fileID: 100100000}
  serializedVersion: 4
  m_Component:
  - 4: {fileID: 457056}
  - 114: {fileID: 11459828}
  m_Layer: 0
  m_Name: line
  m_TagString: Untagged
  m_Icon: {fileID: 0}
  m_NavMeshLayer: 0
  m_StaticEditorFlags: 0
  m_IsActive: 1
--- !u!1 &140146
GameObject:
  m_ObjectHideFlags: 0
  m_PrefabParentObject: {fileID: 0}
  m_PrefabInternal: {fileID: 100100000}
  serializedVersion: 4
  m_Component:
  - 4: {fileID: 450994}
  - 114: {fileID: 11484478}
  m_Layer: 0
  m_Name: line
  m_TagString: Untagged
  m_Icon: {fileID: 0}
  m_NavMeshLayer: 0
  m_StaticEditorFlags: 0
  m_IsActive: 1
--- !u!1 &144546
GameObject:
  m_ObjectHideFlags: 0
  m_PrefabParentObject: {fileID: 0}
  m_PrefabInternal: {fileID: 100100000}
  serializedVersion: 4
  m_Component:
  - 4: {fileID: 473706}
  - 114: {fileID: 11475466}
  m_Layer: 0
  m_Name: line
  m_TagString: Untagged
  m_Icon: {fileID: 0}
  m_NavMeshLayer: 0
  m_StaticEditorFlags: 0
  m_IsActive: 1
--- !u!1 &148900
GameObject:
  m_ObjectHideFlags: 0
  m_PrefabParentObject: {fileID: 0}
  m_PrefabInternal: {fileID: 100100000}
  serializedVersion: 4
  m_Component:
  - 4: {fileID: 405008}
  - 114: {fileID: 11472174}
  m_Layer: 0
  m_Name: line
  m_TagString: Untagged
  m_Icon: {fileID: 0}
  m_NavMeshLayer: 0
  m_StaticEditorFlags: 0
  m_IsActive: 1
--- !u!1 &151576
GameObject:
  m_ObjectHideFlags: 0
  m_PrefabParentObject: {fileID: 0}
  m_PrefabInternal: {fileID: 100100000}
  serializedVersion: 4
  m_Component:
  - 4: {fileID: 421578}
  - 114: {fileID: 11402042}
  m_Layer: 0
  m_Name: line
  m_TagString: Untagged
  m_Icon: {fileID: 0}
  m_NavMeshLayer: 0
  m_StaticEditorFlags: 0
  m_IsActive: 1
--- !u!1 &159054
GameObject:
  m_ObjectHideFlags: 0
  m_PrefabParentObject: {fileID: 0}
  m_PrefabInternal: {fileID: 100100000}
  serializedVersion: 4
  m_Component:
  - 4: {fileID: 454312}
  - 114: {fileID: 11486944}
  m_Layer: 0
  m_Name: line
  m_TagString: Untagged
  m_Icon: {fileID: 0}
  m_NavMeshLayer: 0
  m_StaticEditorFlags: 0
  m_IsActive: 1
--- !u!1 &165986
GameObject:
  m_ObjectHideFlags: 0
  m_PrefabParentObject: {fileID: 0}
  m_PrefabInternal: {fileID: 100100000}
  serializedVersion: 4
  m_Component:
  - 4: {fileID: 445332}
  - 114: {fileID: 11427244}
  m_Layer: 0
  m_Name: line
  m_TagString: Untagged
  m_Icon: {fileID: 0}
  m_NavMeshLayer: 0
  m_StaticEditorFlags: 0
  m_IsActive: 1
--- !u!1 &168110
GameObject:
  m_ObjectHideFlags: 0
  m_PrefabParentObject: {fileID: 0}
  m_PrefabInternal: {fileID: 100100000}
  serializedVersion: 4
  m_Component:
  - 4: {fileID: 437816}
  - 114: {fileID: 11482112}
  m_Layer: 0
  m_Name: line
  m_TagString: Untagged
  m_Icon: {fileID: 0}
  m_NavMeshLayer: 0
  m_StaticEditorFlags: 0
  m_IsActive: 1
--- !u!1 &169774
GameObject:
  m_ObjectHideFlags: 0
  m_PrefabParentObject: {fileID: 0}
  m_PrefabInternal: {fileID: 100100000}
  serializedVersion: 4
  m_Component:
  - 4: {fileID: 405554}
  - 114: {fileID: 11442910}
  m_Layer: 0
  m_Name: line
  m_TagString: Untagged
  m_Icon: {fileID: 0}
  m_NavMeshLayer: 0
  m_StaticEditorFlags: 0
  m_IsActive: 1
--- !u!1 &173368
GameObject:
  m_ObjectHideFlags: 0
  m_PrefabParentObject: {fileID: 0}
  m_PrefabInternal: {fileID: 100100000}
  serializedVersion: 4
  m_Component:
  - 4: {fileID: 408336}
  - 114: {fileID: 11494928}
  m_Layer: 0
  m_Name: line
  m_TagString: Untagged
  m_Icon: {fileID: 0}
  m_NavMeshLayer: 0
  m_StaticEditorFlags: 0
  m_IsActive: 1
--- !u!1 &173760
GameObject:
  m_ObjectHideFlags: 0
  m_PrefabParentObject: {fileID: 0}
  m_PrefabInternal: {fileID: 100100000}
  serializedVersion: 4
  m_Component:
  - 4: {fileID: 461276}
  - 114: {fileID: 11457828}
  m_Layer: 0
  m_Name: level_3
  m_TagString: Untagged
  m_Icon: {fileID: 0}
  m_NavMeshLayer: 0
  m_StaticEditorFlags: 0
  m_IsActive: 1
--- !u!1 &176944
GameObject:
  m_ObjectHideFlags: 0
  m_PrefabParentObject: {fileID: 0}
  m_PrefabInternal: {fileID: 100100000}
  serializedVersion: 4
  m_Component:
  - 4: {fileID: 461454}
  - 114: {fileID: 11436438}
  m_Layer: 0
  m_Name: line
  m_TagString: Untagged
  m_Icon: {fileID: 0}
  m_NavMeshLayer: 0
  m_StaticEditorFlags: 0
  m_IsActive: 1
--- !u!1 &178958
GameObject:
  m_ObjectHideFlags: 0
  m_PrefabParentObject: {fileID: 0}
  m_PrefabInternal: {fileID: 100100000}
  serializedVersion: 4
  m_Component:
  - 4: {fileID: 410054}
  - 114: {fileID: 11406838}
  m_Layer: 0
  m_Name: line
  m_TagString: Untagged
  m_Icon: {fileID: 0}
  m_NavMeshLayer: 0
  m_StaticEditorFlags: 0
  m_IsActive: 1
--- !u!1 &185528
GameObject:
  m_ObjectHideFlags: 0
  m_PrefabParentObject: {fileID: 0}
  m_PrefabInternal: {fileID: 100100000}
  serializedVersion: 4
  m_Component:
  - 4: {fileID: 443024}
  - 114: {fileID: 11457926}
  m_Layer: 0
  m_Name: line
  m_TagString: Untagged
  m_Icon: {fileID: 0}
  m_NavMeshLayer: 0
  m_StaticEditorFlags: 0
  m_IsActive: 1
--- !u!1 &194158
GameObject:
  m_ObjectHideFlags: 0
  m_PrefabParentObject: {fileID: 0}
  m_PrefabInternal: {fileID: 100100000}
  serializedVersion: 4
  m_Component:
  - 4: {fileID: 478926}
  - 114: {fileID: 11473782}
  m_Layer: 0
  m_Name: line
  m_TagString: Untagged
  m_Icon: {fileID: 0}
  m_NavMeshLayer: 0
  m_StaticEditorFlags: 0
  m_IsActive: 1
--- !u!1 &195066
GameObject:
  m_ObjectHideFlags: 0
  m_PrefabParentObject: {fileID: 0}
  m_PrefabInternal: {fileID: 100100000}
  serializedVersion: 4
  m_Component:
  - 4: {fileID: 428332}
  - 114: {fileID: 11439818}
  m_Layer: 0
  m_Name: line
  m_TagString: Untagged
  m_Icon: {fileID: 0}
  m_NavMeshLayer: 0
  m_StaticEditorFlags: 0
  m_IsActive: 1
--- !u!1 &196110
GameObject:
  m_ObjectHideFlags: 0
  m_PrefabParentObject: {fileID: 0}
  m_PrefabInternal: {fileID: 100100000}
  serializedVersion: 4
  m_Component:
  - 4: {fileID: 414206}
  - 114: {fileID: 11428172}
  m_Layer: 0
  m_Name: line
  m_TagString: Untagged
  m_Icon: {fileID: 0}
  m_NavMeshLayer: 0
  m_StaticEditorFlags: 0
  m_IsActive: 1
--- !u!1 &196624
GameObject:
  m_ObjectHideFlags: 0
  m_PrefabParentObject: {fileID: 0}
  m_PrefabInternal: {fileID: 100100000}
  serializedVersion: 4
  m_Component:
  - 4: {fileID: 468540}
  - 114: {fileID: 11492980}
  m_Layer: 0
  m_Name: line
  m_TagString: Untagged
  m_Icon: {fileID: 0}
  m_NavMeshLayer: 0
  m_StaticEditorFlags: 0
  m_IsActive: 1
--- !u!1 &198308
GameObject:
  m_ObjectHideFlags: 0
  m_PrefabParentObject: {fileID: 0}
  m_PrefabInternal: {fileID: 100100000}
  serializedVersion: 4
  m_Component:
  - 4: {fileID: 494244}
  - 114: {fileID: 11417334}
  m_Layer: 0
  m_Name: line
  m_TagString: Untagged
  m_Icon: {fileID: 0}
  m_NavMeshLayer: 0
  m_StaticEditorFlags: 0
  m_IsActive: 1
--- !u!4 &404196
Transform:
  m_ObjectHideFlags: 1
  m_PrefabParentObject: {fileID: 0}
  m_PrefabInternal: {fileID: 100100000}
  m_GameObject: {fileID: 124834}
  m_LocalRotation: {x: 0, y: 0, z: 0, w: 1}
  m_LocalPosition: {x: 0, y: 0, z: 0}
  m_LocalScale: {x: 1, y: 1, z: 1}
  m_Children: []
  m_Father: {fileID: 461276}
  m_RootOrder: 25
--- !u!4 &405008
Transform:
  m_ObjectHideFlags: 1
  m_PrefabParentObject: {fileID: 0}
  m_PrefabInternal: {fileID: 100100000}
  m_GameObject: {fileID: 148900}
  m_LocalRotation: {x: 0, y: 0, z: 0, w: 1}
  m_LocalPosition: {x: 0, y: 0, z: 0}
  m_LocalScale: {x: 1, y: 1, z: 1}
  m_Children: []
  m_Father: {fileID: 461276}
  m_RootOrder: 7
--- !u!4 &405554
Transform:
  m_ObjectHideFlags: 1
  m_PrefabParentObject: {fileID: 0}
  m_PrefabInternal: {fileID: 100100000}
  m_GameObject: {fileID: 169774}
  m_LocalRotation: {x: 0, y: 0, z: 0, w: 1}
  m_LocalPosition: {x: 0, y: 0, z: 0}
  m_LocalScale: {x: 1, y: 1, z: 1}
  m_Children: []
  m_Father: {fileID: 461276}
  m_RootOrder: 24
--- !u!4 &408128
Transform:
  m_ObjectHideFlags: 1
  m_PrefabParentObject: {fileID: 0}
  m_PrefabInternal: {fileID: 100100000}
  m_GameObject: {fileID: 101126}
  m_LocalRotation: {x: 0, y: 0, z: 0, w: 1}
  m_LocalPosition: {x: 0, y: 0, z: 0}
  m_LocalScale: {x: 1, y: 1, z: 1}
  m_Children: []
  m_Father: {fileID: 461276}
  m_RootOrder: 11
--- !u!4 &408336
Transform:
  m_ObjectHideFlags: 1
  m_PrefabParentObject: {fileID: 0}
  m_PrefabInternal: {fileID: 100100000}
  m_GameObject: {fileID: 173368}
  m_LocalRotation: {x: 0, y: 0, z: 0, w: 1}
  m_LocalPosition: {x: 0, y: 0, z: 0}
  m_LocalScale: {x: 1, y: 1, z: 1}
  m_Children: []
  m_Father: {fileID: 461276}
  m_RootOrder: 4
--- !u!4 &410054
Transform:
  m_ObjectHideFlags: 1
  m_PrefabParentObject: {fileID: 0}
  m_PrefabInternal: {fileID: 100100000}
  m_GameObject: {fileID: 178958}
  m_LocalRotation: {x: 0, y: 0, z: 0, w: 1}
  m_LocalPosition: {x: 0, y: 0, z: 0}
  m_LocalScale: {x: 1, y: 1, z: 1}
  m_Children: []
  m_Father: {fileID: 461276}
  m_RootOrder: 2
--- !u!4 &414206
Transform:
  m_ObjectHideFlags: 1
  m_PrefabParentObject: {fileID: 0}
  m_PrefabInternal: {fileID: 100100000}
  m_GameObject: {fileID: 196110}
  m_LocalRotation: {x: 0, y: 0, z: 0, w: 1}
  m_LocalPosition: {x: 0, y: 0, z: 0}
  m_LocalScale: {x: 1, y: 1, z: 1}
  m_Children: []
  m_Father: {fileID: 461276}
  m_RootOrder: 22
--- !u!4 &421578
Transform:
  m_ObjectHideFlags: 1
  m_PrefabParentObject: {fileID: 0}
  m_PrefabInternal: {fileID: 100100000}
  m_GameObject: {fileID: 151576}
  m_LocalRotation: {x: 0, y: 0, z: 0, w: 1}
  m_LocalPosition: {x: 0, y: 0, z: 0}
  m_LocalScale: {x: 1, y: 1, z: 1}
  m_Children: []
  m_Father: {fileID: 461276}
  m_RootOrder: 8
--- !u!4 &423056
Transform:
  m_ObjectHideFlags: 1
  m_PrefabParentObject: {fileID: 0}
  m_PrefabInternal: {fileID: 100100000}
  m_GameObject: {fileID: 101328}
  m_LocalRotation: {x: 0, y: 0, z: 0, w: 1}
  m_LocalPosition: {x: 0, y: 0, z: 0}
  m_LocalScale: {x: 1, y: 1, z: 1}
  m_Children: []
  m_Father: {fileID: 461276}
  m_RootOrder: 26
--- !u!4 &428332
Transform:
  m_ObjectHideFlags: 1
  m_PrefabParentObject: {fileID: 0}
  m_PrefabInternal: {fileID: 100100000}
  m_GameObject: {fileID: 195066}
  m_LocalRotation: {x: 0, y: 0, z: 0, w: 1}
  m_LocalPosition: {x: 0, y: 0, z: 0}
  m_LocalScale: {x: 1, y: 1, z: 1}
  m_Children: []
  m_Father: {fileID: 461276}
  m_RootOrder: 16
--- !u!4 &431086
Transform:
  m_ObjectHideFlags: 1
  m_PrefabParentObject: {fileID: 0}
  m_PrefabInternal: {fileID: 100100000}
  m_GameObject: {fileID: 128606}
  m_LocalRotation: {x: 0, y: 0, z: 0, w: 1}
  m_LocalPosition: {x: 0, y: 0, z: 0}
  m_LocalScale: {x: 1, y: 1, z: 1}
  m_Children: []
  m_Father: {fileID: 461276}
  m_RootOrder: 29
--- !u!4 &437482
Transform:
  m_ObjectHideFlags: 1
  m_PrefabParentObject: {fileID: 0}
  m_PrefabInternal: {fileID: 100100000}
  m_GameObject: {fileID: 104246}
  m_LocalRotation: {x: 0, y: 0, z: 0, w: 1}
  m_LocalPosition: {x: 0, y: 0, z: 0}
  m_LocalScale: {x: 1, y: 1, z: 1}
  m_Children: []
  m_Father: {fileID: 461276}
  m_RootOrder: 27
--- !u!4 &437816
Transform:
  m_ObjectHideFlags: 1
  m_PrefabParentObject: {fileID: 0}
  m_PrefabInternal: {fileID: 100100000}
  m_GameObject: {fileID: 168110}
  m_LocalRotation: {x: 0, y: 0, z: 0, w: 1}
  m_LocalPosition: {x: 0, y: 0, z: 0}
  m_LocalScale: {x: 1, y: 1, z: 1}
  m_Children: []
  m_Father: {fileID: 461276}
  m_RootOrder: 15
--- !u!4 &442404
Transform:
  m_ObjectHideFlags: 1
  m_PrefabParentObject: {fileID: 0}
  m_PrefabInternal: {fileID: 100100000}
  m_GameObject: {fileID: 107700}
  m_LocalRotation: {x: 0, y: 0, z: 0, w: 1}
  m_LocalPosition: {x: 0, y: 0, z: 0}
  m_LocalScale: {x: 1, y: 1, z: 1}
  m_Children: []
  m_Father: {fileID: 461276}
  m_RootOrder: 1
--- !u!4 &443024
Transform:
  m_ObjectHideFlags: 1
  m_PrefabParentObject: {fileID: 0}
  m_PrefabInternal: {fileID: 100100000}
  m_GameObject: {fileID: 185528}
  m_LocalRotation: {x: 0, y: 0, z: 0, w: 1}
  m_LocalPosition: {x: 0, y: 0, z: 0}
  m_LocalScale: {x: 1, y: 1, z: 1}
  m_Children: []
  m_Father: {fileID: 461276}
  m_RootOrder: 20
--- !u!4 &445332
Transform:
  m_ObjectHideFlags: 1
  m_PrefabParentObject: {fileID: 0}
  m_PrefabInternal: {fileID: 100100000}
  m_GameObject: {fileID: 165986}
  m_LocalRotation: {x: 0, y: 0, z: 0, w: 1}
  m_LocalPosition: {x: 0, y: 0, z: 0}
  m_LocalScale: {x: 1, y: 1, z: 1}
  m_Children: []
  m_Father: {fileID: 461276}
  m_RootOrder: 28
--- !u!4 &450994
Transform:
  m_ObjectHideFlags: 1
  m_PrefabParentObject: {fileID: 0}
  m_PrefabInternal: {fileID: 100100000}
  m_GameObject: {fileID: 140146}
  m_LocalRotation: {x: 0, y: 0, z: 0, w: 1}
  m_LocalPosition: {x: 0, y: 0, z: 0}
  m_LocalScale: {x: 1, y: 1, z: 1}
  m_Children: []
  m_Father: {fileID: 461276}
  m_RootOrder: 21
--- !u!4 &451454
Transform:
  m_ObjectHideFlags: 1
  m_PrefabParentObject: {fileID: 0}
  m_PrefabInternal: {fileID: 100100000}
  m_GameObject: {fileID: 124660}
  m_LocalRotation: {x: 0, y: 0, z: 0, w: 1}
  m_LocalPosition: {x: 0, y: 0, z: 0}
  m_LocalScale: {x: 1, y: 1, z: 1}
  m_Children: []
  m_Father: {fileID: 461276}
  m_RootOrder: 10
--- !u!4 &453182
Transform:
  m_ObjectHideFlags: 1
  m_PrefabParentObject: {fileID: 0}
  m_PrefabInternal: {fileID: 100100000}
  m_GameObject: {fileID: 113136}
  m_LocalRotation: {x: 0, y: 0, z: 0, w: 1}
  m_LocalPosition: {x: 0, y: 0, z: 0}
  m_LocalScale: {x: 1, y: 1, z: 1}
  m_Children: []
  m_Father: {fileID: 461276}
  m_RootOrder: 12
--- !u!4 &454312
Transform:
  m_ObjectHideFlags: 1
  m_PrefabParentObject: {fileID: 0}
  m_PrefabInternal: {fileID: 100100000}
  m_GameObject: {fileID: 159054}
  m_LocalRotation: {x: 0, y: 0, z: 0, w: 1}
  m_LocalPosition: {x: 0, y: 0, z: 0}
  m_LocalScale: {x: 1, y: 1, z: 1}
  m_Children: []
  m_Father: {fileID: 461276}
  m_RootOrder: 9
--- !u!4 &457056
Transform:
  m_ObjectHideFlags: 1
  m_PrefabParentObject: {fileID: 0}
  m_PrefabInternal: {fileID: 100100000}
  m_GameObject: {fileID: 138124}
  m_LocalRotation: {x: 0, y: 0, z: 0, w: 1}
  m_LocalPosition: {x: 0, y: 0, z: 0}
  m_LocalScale: {x: 1, y: 1, z: 1}
  m_Children: []
  m_Father: {fileID: 461276}
  m_RootOrder: 3
--- !u!4 &461276
Transform:
  m_ObjectHideFlags: 1
  m_PrefabParentObject: {fileID: 0}
  m_PrefabInternal: {fileID: 100100000}
  m_GameObject: {fileID: 173760}
  m_LocalRotation: {x: 0, y: 0, z: 0, w: 1}
  m_LocalPosition: {x: 0, y: 0, z: 0}
  m_LocalScale: {x: 1, y: 1, z: 1}
  m_Children:
  - {fileID: 468540}
  - {fileID: 442404}
  - {fileID: 410054}
  - {fileID: 457056}
  - {fileID: 408336}
  - {fileID: 493082}
  - {fileID: 494244}
  - {fileID: 405008}
  - {fileID: 421578}
  - {fileID: 454312}
  - {fileID: 451454}
  - {fileID: 408128}
  - {fileID: 453182}
  - {fileID: 487188}
  - {fileID: 465286}
  - {fileID: 437816}
  - {fileID: 428332}
  - {fileID: 461454}
  - {fileID: 465540}
  - {fileID: 498100}
  - {fileID: 443024}
  - {fileID: 450994}
  - {fileID: 414206}
  - {fileID: 478926}
  - {fileID: 405554}
  - {fileID: 404196}
  - {fileID: 423056}
  - {fileID: 437482}
  - {fileID: 445332}
  - {fileID: 431086}
  - {fileID: 473706}
  m_Father: {fileID: 0}
  m_RootOrder: 0
--- !u!4 &461454
Transform:
  m_ObjectHideFlags: 1
  m_PrefabParentObject: {fileID: 0}
  m_PrefabInternal: {fileID: 100100000}
  m_GameObject: {fileID: 176944}
  m_LocalRotation: {x: 0, y: 0, z: 0, w: 1}
  m_LocalPosition: {x: 0, y: 0, z: 0}
  m_LocalScale: {x: 1, y: 1, z: 1}
  m_Children: []
  m_Father: {fileID: 461276}
  m_RootOrder: 17
--- !u!4 &465286
Transform:
  m_ObjectHideFlags: 1
  m_PrefabParentObject: {fileID: 0}
  m_PrefabInternal: {fileID: 100100000}
  m_GameObject: {fileID: 108522}
  m_LocalRotation: {x: 0, y: 0, z: 0, w: 1}
  m_LocalPosition: {x: 0, y: 0, z: 0}
  m_LocalScale: {x: 1, y: 1, z: 1}
  m_Children: []
  m_Father: {fileID: 461276}
  m_RootOrder: 14
--- !u!4 &465540
Transform:
  m_ObjectHideFlags: 1
  m_PrefabParentObject: {fileID: 0}
  m_PrefabInternal: {fileID: 100100000}
  m_GameObject: {fileID: 110584}
  m_LocalRotation: {x: 0, y: 0, z: 0, w: 1}
  m_LocalPosition: {x: 0, y: 0, z: 0}
  m_LocalScale: {x: 1, y: 1, z: 1}
  m_Children: []
  m_Father: {fileID: 461276}
  m_RootOrder: 18
--- !u!4 &468540
Transform:
  m_ObjectHideFlags: 1
  m_PrefabParentObject: {fileID: 0}
  m_PrefabInternal: {fileID: 100100000}
  m_GameObject: {fileID: 196624}
  m_LocalRotation: {x: 0, y: 0, z: 0, w: 1}
  m_LocalPosition: {x: 0, y: 0, z: 0}
  m_LocalScale: {x: 1, y: 1, z: 1}
  m_Children: []
  m_Father: {fileID: 461276}
  m_RootOrder: 0
--- !u!4 &473706
Transform:
  m_ObjectHideFlags: 1
  m_PrefabParentObject: {fileID: 0}
  m_PrefabInternal: {fileID: 100100000}
  m_GameObject: {fileID: 144546}
  m_LocalRotation: {x: 0, y: 0, z: 0, w: 1}
  m_LocalPosition: {x: 0, y: 0, z: 0}
  m_LocalScale: {x: 1, y: 1, z: 1}
  m_Children: []
  m_Father: {fileID: 461276}
  m_RootOrder: 30
--- !u!4 &478926
Transform:
  m_ObjectHideFlags: 1
  m_PrefabParentObject: {fileID: 0}
  m_PrefabInternal: {fileID: 100100000}
  m_GameObject: {fileID: 194158}
  m_LocalRotation: {x: 0, y: 0, z: 0, w: 1}
  m_LocalPosition: {x: 0, y: 0, z: 0}
  m_LocalScale: {x: 1, y: 1, z: 1}
  m_Children: []
  m_Father: {fileID: 461276}
  m_RootOrder: 23
--- !u!4 &487188
Transform:
  m_ObjectHideFlags: 1
  m_PrefabParentObject: {fileID: 0}
  m_PrefabInternal: {fileID: 100100000}
  m_GameObject: {fileID: 114928}
  m_LocalRotation: {x: 0, y: 0, z: 0, w: 1}
  m_LocalPosition: {x: 0, y: 0, z: 0}
  m_LocalScale: {x: 1, y: 1, z: 1}
  m_Children: []
  m_Father: {fileID: 461276}
  m_RootOrder: 13
--- !u!4 &493082
Transform:
  m_ObjectHideFlags: 1
  m_PrefabParentObject: {fileID: 0}
  m_PrefabInternal: {fileID: 100100000}
  m_GameObject: {fileID: 109096}
  m_LocalRotation: {x: 0, y: 0, z: 0, w: 1}
  m_LocalPosition: {x: 0, y: 0, z: 0}
  m_LocalScale: {x: 1, y: 1, z: 1}
  m_Children: []
  m_Father: {fileID: 461276}
  m_RootOrder: 5
--- !u!4 &494244
Transform:
  m_ObjectHideFlags: 1
  m_PrefabParentObject: {fileID: 0}
  m_PrefabInternal: {fileID: 100100000}
  m_GameObject: {fileID: 198308}
  m_LocalRotation: {x: 0, y: 0, z: 0, w: 1}
  m_LocalPosition: {x: 0, y: 0, z: 0}
  m_LocalScale: {x: 1, y: 1, z: 1}
  m_Children: []
  m_Father: {fileID: 461276}
  m_RootOrder: 6
--- !u!4 &498100
Transform:
  m_ObjectHideFlags: 1
  m_PrefabParentObject: {fileID: 0}
  m_PrefabInternal: {fileID: 100100000}
  m_GameObject: {fileID: 121396}
  m_LocalRotation: {x: 0, y: 0, z: 0, w: 1}
  m_LocalPosition: {x: 0, y: 0, z: 0}
  m_LocalScale: {x: 1, y: 1, z: 1}
  m_Children: []
  m_Father: {fileID: 461276}
  m_RootOrder: 19
--- !u!114 &11402042
MonoBehaviour:
  m_ObjectHideFlags: 1
  m_PrefabParentObject: {fileID: 0}
  m_PrefabInternal: {fileID: 100100000}
  m_GameObject: {fileID: 151576}
  m_Enabled: 1
  m_EditorHideFlags: 0
  m_Script: {fileID: 11500000, guid: f2cb82b10fc94d44593a64cf74ecef34, type: 3}
  m_Name: 
  m_EditorClassIdentifier: 
  dots:
  - {x: -7.55067825, y: -1.93054712}
  - {x: -7.58912039, y: -2.1996429}
  - {x: -7.47379398, y: -2.34991717}
  - {x: -6.92511797, y: -2.47223353}
  - {x: -5.86970377, y: -2.39884377}
  - {x: -5.44683886, y: -1.8851155}
--- !u!114 &11402734
MonoBehaviour:
  m_ObjectHideFlags: 1
  m_PrefabParentObject: {fileID: 0}
  m_PrefabInternal: {fileID: 100100000}
  m_GameObject: {fileID: 107700}
  m_Enabled: 1
  m_EditorHideFlags: 0
  m_Script: {fileID: 11500000, guid: f2cb82b10fc94d44593a64cf74ecef34, type: 3}
  m_Name: 
  m_EditorClassIdentifier: 
  dots:
  - {x: -3.38669062, y: -.479519039}
  - {x: -2.64118814, y: -.429260522}
  - {x: -1.56481707, y: -.383190066}
  - {x: -.375364125, y: -.358060867}
  - {x: .479031801, y: -.345496207}
  - {x: 1.78575575, y: .730875254}
  - {x: 2.02448392, y: .856521606}
  - {x: 1.56796849, y: .906780243}
  - {x: .939736366, y: .923533082}
  - {x: .173292994, y: .872520924}
  - {x: -.591547787, y: .791782439}
--- !u!114 &11406838
MonoBehaviour:
  m_ObjectHideFlags: 1
  m_PrefabParentObject: {fileID: 0}
  m_PrefabInternal: {fileID: 100100000}
  m_GameObject: {fileID: 178958}
  m_Enabled: 1
  m_EditorHideFlags: 0
  m_Script: {fileID: 11500000, guid: f2cb82b10fc94d44593a64cf74ecef34, type: 3}
  m_Name: 
  m_EditorClassIdentifier: 
  dots:
  - {x: 1.12607884, y: -.48914969}
  - {x: 2.04080129, y: .432129949}
  - {x: 2.77848053, y: .792773187}
  - {x: 3.76205301, y: .776380301}
  - {x: 4.97184658, y: .461637199}
  - {x: 5.57182598, y: .120665431}
  - {x: 6.21770525, y: -.387513757}
  - {x: 5.11938238, y: -.33177793}
  - {x: 3.99811077, y: -.335056424}
  - {x: 1.77195477, y: -.446528107}
--- !u!114 &11408468
MonoBehaviour:
  m_ObjectHideFlags: 1
  m_PrefabParentObject: {fileID: 0}
  m_PrefabInternal: {fileID: 100100000}
  m_GameObject: {fileID: 124834}
  m_Enabled: 1
  m_EditorHideFlags: 0
  m_Script: {fileID: 11500000, guid: f2cb82b10fc94d44593a64cf74ecef34, type: 3}
  m_Name: 
  m_EditorClassIdentifier: 
  dots:
  - {x: 6.55062246, y: -2.81244516}
  - {x: 6.32752562, y: -2.35942245}
  - {x: 6.38216162, y: -2.23421502}
  - {x: 6.4891572, y: -2.3275516}
  - {x: 6.63485241, y: -2.58024263}
  - {x: 6.70087099, y: -2.53015971}
  - {x: 6.96266842, y: -1.86086941}
  - {x: 7.06283426, y: -1.89729357}
  - {x: 7.0400691, y: -2.0475421}
  - {x: 6.86933184, y: -2.6075604}
  - {x: 6.92169094, y: -2.70772648}
  - {x: 7.48170996, y: -2.71455598}
  - {x: 7.48170948, y: -2.86480474}
  - {x: 6.93079758, y: -2.98090601}
  - {x: 6.905756, y: -3.06968951}
  - {x: 7.15389299, y: -3.58873177}
  - {x: 7.20397615, y: -3.75263953}
  - {x: 7.11519241, y: -3.82548738}
  - {x: 7.03551531, y: -3.63881469}
  - {x: 6.74184704, y: -3.18123913}
  - {x: 6.68721151, y: -3.16302681}
  - {x: 6.57110977, y: -3.46352434}
  - {x: 6.49826193, y: -3.58417892}
  - {x: 6.42996693, y: -3.44758892}
  - {x: 6.50281477, y: -3.27002215}
  - {x: 6.56200361, y: -2.96041846}
  - {x: 6.56200361, y: -2.8238287}
--- !u!114 &11417334
MonoBehaviour:
  m_ObjectHideFlags: 1
  m_PrefabParentObject: {fileID: 0}
  m_PrefabInternal: {fileID: 100100000}
  m_GameObject: {fileID: 198308}
  m_Enabled: 1
  m_EditorHideFlags: 0
  m_Script: {fileID: 11500000, guid: f2cb82b10fc94d44593a64cf74ecef34, type: 3}
  m_Name: 
  m_EditorClassIdentifier: 
  dots:
  - {x: -5.05418253, y: -1.89240861}
  - {x: -5.32395411, y: -2.27078962}
  - {x: -5.2363658, y: -2.29881787}
  - {x: -4.23085308, y: -2.193712}
  - {x: -3.80342293, y: -2.01152849}
  - {x: -3.32694316, y: -1.64716172}
  - {x: -2.91703057, y: -1.21973133}
  - {x: -2.95206571, y: -1.11112189}
--- !u!114 &11424920
MonoBehaviour:
  m_ObjectHideFlags: 1
  m_PrefabParentObject: {fileID: 0}
  m_PrefabInternal: {fileID: 100100000}
  m_GameObject: {fileID: 114928}
  m_Enabled: 1
  m_EditorHideFlags: 0
  m_Script: {fileID: 11500000, guid: f2cb82b10fc94d44593a64cf74ecef34, type: 3}
  m_Name: 
  m_EditorClassIdentifier: 
  dots:
  - {x: -6.58556175, y: -1.71092069}
  - {x: -5.37652969, y: -1.69126165}
--- !u!114 &11427082
MonoBehaviour:
  m_ObjectHideFlags: 1
  m_PrefabParentObject: {fileID: 0}
  m_PrefabInternal: {fileID: 100100000}
  m_GameObject: {fileID: 121396}
  m_Enabled: 1
  m_EditorHideFlags: 0
  m_Script: {fileID: 11500000, guid: f2cb82b10fc94d44593a64cf74ecef34, type: 3}
  m_Name: 
  m_EditorClassIdentifier: 
  dots:
  - {x: -6.42911053, y: -4.10885382}
  - {x: -6.03800774, y: -4.24051189}
  - {x: -5.58107615, y: -4.23276758}
  - {x: -5.17061234, y: -4.2017889}
  - {x: -4.9421463, y: -4.03528023}
--- !u!114 &11427106
MonoBehaviour:
  m_ObjectHideFlags: 1
  m_PrefabParentObject: {fileID: 0}
  m_PrefabInternal: {fileID: 100100000}
  m_GameObject: {fileID: 104246}
  m_Enabled: 1
  m_EditorHideFlags: 0
  m_Script: {fileID: 11500000, guid: f2cb82b10fc94d44593a64cf74ecef34, type: 3}
  m_Name: 
  m_EditorClassIdentifier: 
  dots:
  - {x: 6.605196, y: -2.83718896}
  - {x: 6.62552595, y: -2.76942277}
  - {x: 6.66693878, y: -2.73347545}
  - {x: 6.72904491, y: -2.77199769}
  - {x: 6.75804663, y: -2.84836221}
  - {x: 6.75126982, y: -2.91173196}
  - {x: 6.72265768, y: -2.96142697}
  - {x: 6.67070341, y: -2.97949791}
  - {x: 6.61724329, y: -2.94260311}
  - {x: 6.60519648, y: -2.89667273}
  - {x: 6.60594893, y: -2.83493018}
--- !u!114 &11427244
MonoBehaviour:
  m_ObjectHideFlags: 1
  m_PrefabParentObject: {fileID: 0}
  m_PrefabInternal: {fileID: 100100000}
  m_GameObject: {fileID: 165986}
  m_Enabled: 1
  m_EditorHideFlags: 0
  m_Script: {fileID: 11500000, guid: f2cb82b10fc94d44593a64cf74ecef34, type: 3}
  m_Name: 
  m_EditorClassIdentifier: 
  dots:
  - {x: 3.50346732, y: -1.1081636}
  - {x: 3.51874185, y: -1.00378823}
  - {x: 4.06098461, y: -.988513768}
  - {x: 4.09407949, y: -1.07252324}
  - {x: 4.05843878, y: -1.11834669}
  - {x: 3.98461246, y: -1.09798062}
  - {x: 3.49328446, y: -1.11580074}
--- !u!114 &11428172
MonoBehaviour:
  m_ObjectHideFlags: 1
  m_PrefabParentObject: {fileID: 0}
  m_PrefabInternal: {fileID: 100100000}
  m_GameObject: {fileID: 196110}
  m_Enabled: 1
  m_EditorHideFlags: 0
  m_Script: {fileID: 11500000, guid: f2cb82b10fc94d44593a64cf74ecef34, type: 3}
  m_Name: 
  m_EditorClassIdentifier: 
  dots:
  - {x: -2.05138278, y: -3.47710633}
  - {x: -2.12391853, y: -3.01287794}
  - {x: -2.06588984, y: -2.63931894}
  - {x: -1.89905775, y: -2.24399948}
  - {x: -1.54000616, y: -1.85593426}
  - {x: -1.09028482, y: -1.75075722}
  - {x: -.560774148, y: -1.97924483}
  - {x: -.317779303, y: -2.33829665}
  - {x: -.161827803, y: -2.79527164}
  - {x: -.150947452, y: -3.35016966}
  - {x: -.234363258, y: -3.62943339}
  - {x: -.448343992, y: -3.99211264}
  - {x: -.752994537, y: -4.27500248}
  - {x: -.999616086, y: -4.38743258}
  - {x: -1.38405561, y: -4.34028482}
  - {x: -1.68145204, y: -4.09366369}
  - {x: -1.9462074, y: -3.71647763}
  - {x: -2.04413056, y: -3.48799038}
--- !u!114 &11436438
MonoBehaviour:
  m_ObjectHideFlags: 1
  m_PrefabParentObject: {fileID: 0}
  m_PrefabInternal: {fileID: 100100000}
  m_GameObject: {fileID: 176944}
  m_Enabled: 1
  m_EditorHideFlags: 0
  m_Script: {fileID: 11500000, guid: f2cb82b10fc94d44593a64cf74ecef34, type: 3}
  m_Name: 
  m_EditorClassIdentifier: 
  dots:
  - {x: -6.68385696, y: -2.34984016}
  - {x: -5.69762754, y: -2.23843861}
--- !u!114 &11439818
MonoBehaviour:
  m_ObjectHideFlags: 1
  m_PrefabParentObject: {fileID: 0}
  m_PrefabInternal: {fileID: 100100000}
  m_GameObject: {fileID: 195066}
  m_Enabled: 1
  m_EditorHideFlags: 0
  m_Script: {fileID: 11500000, guid: f2cb82b10fc94d44593a64cf74ecef34, type: 3}
  m_Name: 
  m_EditorClassIdentifier: 
  dots:
  - {x: -7.45383644, y: -2.20239687}
  - {x: -6.96235991, y: -2.3203516}
--- !u!114 &11441152
MonoBehaviour:
  m_ObjectHideFlags: 1
  m_PrefabParentObject: {fileID: 0}
  m_PrefabInternal: {fileID: 100100000}
  m_GameObject: {fileID: 101126}
  m_Enabled: 1
  m_EditorHideFlags: 0
  m_Script: {fileID: 11500000, guid: f2cb82b10fc94d44593a64cf74ecef34, type: 3}
  m_Name: 
  m_EditorClassIdentifier: 
  dots:
  - {x: -6.84473896, y: -1.97597885}
  - {x: -6.67000151, y: -2.15770602}
--- !u!114 &11441560
MonoBehaviour:
  m_ObjectHideFlags: 1
  m_PrefabParentObject: {fileID: 0}
  m_PrefabInternal: {fileID: 100100000}
  m_GameObject: {fileID: 124660}
  m_Enabled: 1
  m_EditorHideFlags: 0
  m_Script: {fileID: 11500000, guid: f2cb82b10fc94d44593a64cf74ecef34, type: 3}
  m_Name: 
  m_EditorClassIdentifier: 
  dots:
  - {x: -6.99501324, y: -2.1646955}
  - {x: -6.85871792, y: -1.97597885}
  - {x: -6.78183365, y: -1.65795684}
--- !u!114 &11442410
MonoBehaviour:
  m_ObjectHideFlags: 1
  m_PrefabParentObject: {fileID: 0}
  m_PrefabInternal: {fileID: 100100000}
  m_GameObject: {fileID: 109096}
  m_Enabled: 1
  m_EditorHideFlags: 0
  m_Script: {fileID: 11500000, guid: f2cb82b10fc94d44593a64cf74ecef34, type: 3}
  m_Name: 
  m_EditorClassIdentifier: 
  dots:
  - {x: -7.51078987, y: -1.70982456}
  - {x: -7.40364265, y: -1.5758903}
  - {x: -6.73397064, y: -1.47320724}
  - {x: -5.32766008, y: -1.5624969}
  - {x: -5.46159458, y: -1.87501025}
  - {x: -5.14015198, y: -1.91519046}
  - {x: -4.80085182, y: -1.68303776}
  - {x: -4.2383275, y: -1.53570998}
  - {x: -3.74277067, y: -1.26337743}
  - {x: -3.14899492, y: -1.09372735}
  - {x: -2.96595144, y: -1.09819186}
  - {x: -1.80965269, y: -.794608176}
  - {x: -.0238614082, y: -.499952912}
  - {x: .489553452, y: -.330302656}
--- !u!114 &11442910
MonoBehaviour:
  m_ObjectHideFlags: 1
  m_PrefabParentObject: {fileID: 0}
  m_PrefabInternal: {fileID: 100100000}
  m_GameObject: {fileID: 169774}
  m_Enabled: 1
  m_EditorHideFlags: 0
  m_Script: {fileID: 11500000, guid: f2cb82b10fc94d44593a64cf74ecef34, type: 3}
  m_Name: 
  m_EditorClassIdentifier: 
  dots:
  - {x: -2.04288578, y: -3.4609611}
  - {x: -1.45734406, y: -3.07819462}
  - {x: -1.4163332, y: -2.88453269}
  - {x: -1.78542876, y: -2.13722825}
  - {x: -1.67378855, y: -2.00508261}
  - {x: -1.20900047, y: -2.69542956}
  - {x: -1.10419536, y: -2.68175936}
  - {x: -.655355811, y: -1.95723677}
  - {x: -.525488555, y: -2.0438149}
  - {x: -.864966154, y: -2.85263705}
  - {x: -.828512192, y: -3.01212335}
  - {x: -.147278666, y: -3.30831194}
  - {x: -.186010957, y: -3.49741721}
  - {x: -.855852485, y: -3.34704447}
  - {x: -.965214491, y: -3.42906618}
  - {x: -.924203753, y: -4.36775684}
  - {x: -1.08596838, y: -4.38598347}
  - {x: -1.22267067, y: -3.5133667}
  - {x: -1.34570289, y: -3.39033461}
  - {x: -1.96997702, y: -3.6682961}
--- !u!114 &11447124
MonoBehaviour:
  m_ObjectHideFlags: 1
  m_PrefabParentObject: {fileID: 0}
  m_PrefabInternal: {fileID: 100100000}
  m_GameObject: {fileID: 108522}
  m_Enabled: 1
  m_EditorHideFlags: 0
  m_Script: {fileID: 11500000, guid: f2cb82b10fc94d44593a64cf74ecef34, type: 3}
  m_Name: 
  m_EditorClassIdentifier: 
  dots:
  - {x: -7.52919626, y: -1.9730413}
  - {x: -7.03771973, y: -2.01235962}
--- !u!114 &11457828
MonoBehaviour:
  m_ObjectHideFlags: 1
  m_PrefabParentObject: {fileID: 0}
  m_PrefabInternal: {fileID: 100100000}
  m_GameObject: {fileID: 173760}
  m_Enabled: 1
  m_EditorHideFlags: 0
  m_Script: {fileID: 11500000, guid: c2f274de9a0421f4289067932bdc6c41, type: 3}
  m_Name: 
  m_EditorClassIdentifier: 
  carImageName: car_3
  backgroundImageName: background_1
  titleColor: {r: 1, g: 1, b: 1, a: 1}
  titleCarName: 
  order: 3
--- !u!114 &11457926
MonoBehaviour:
  m_ObjectHideFlags: 1
  m_PrefabParentObject: {fileID: 0}
  m_PrefabInternal: {fileID: 100100000}
  m_GameObject: {fileID: 185528}
  m_Enabled: 1
  m_EditorHideFlags: 0
  m_Script: {fileID: 11500000, guid: f2cb82b10fc94d44593a64cf74ecef34, type: 3}
  m_Name: 
  m_EditorClassIdentifier: 
  dots:
  - {x: 5.65559816, y: -3.68400931}
  - {x: 5.80569696, y: -3.88472867}
  - {x: 6.04810905, y: -4.00348186}
  - {x: 7.01204062, y: -3.99098039}
  - {x: 7.30618477, y: -3.79268074}
  - {x: 7.46482182, y: -3.48532009}
  - {x: 7.55075169, y: -3.07881093}
  - {x: 7.54414177, y: -2.66569138}
  - {x: 7.49787235, y: -2.34511113}
  - {x: 7.40202856, y: -2.05758023}
  - {x: 7.16407585, y: -1.83945251}
  - {x: 6.89306974, y: -1.71716928}
  - {x: 6.71639585, y: -1.72708416}
--- !u!114 &11459828
MonoBehaviour:
  m_ObjectHideFlags: 1
  m_PrefabParentObject: {fileID: 0}
  m_PrefabInternal: {fileID: 100100000}
  m_GameObject: {fileID: 138124}
  m_Enabled: 1
  m_EditorHideFlags: 0
  m_Script: {fileID: 11500000, guid: f2cb82b10fc94d44593a64cf74ecef34, type: 3}
  m_Name: 
  m_EditorClassIdentifier: 
  dots:
  - {x: 3.66697097, y: .776380062}
  - {x: 3.98827124, y: -.292435288}
  - {x: 4.17303228, y: -.75015378}
  - {x: 4.14236403, y: -.951428771}
  - {x: 4.14892006, y: -2.9152956}
  - {x: 4.1226902, y: -3.22348261}
  - {x: 4.13252544, y: -3.36446333}
  - {x: 4.11546469, y: -3.68843627}
--- !u!114 &11468900
MonoBehaviour:
  m_ObjectHideFlags: 1
  m_PrefabParentObject: {fileID: 0}
  m_PrefabInternal: {fileID: 100100000}
  m_GameObject: {fileID: 101328}
  m_Enabled: 1
  m_EditorHideFlags: 0
  m_Script: {fileID: 11500000, guid: f2cb82b10fc94d44593a64cf74ecef34, type: 3}
  m_Name: 
  m_EditorClassIdentifier: 
  dots:
  - {x: -1.38508451, y: -2.9749372}
  - {x: -1.27233875, y: -2.90485191}
  - {x: -1.16264009, y: -2.96427202}
  - {x: -1.10931444, y: -3.07244706}
  - {x: -1.10779071, y: -3.1973815}
  - {x: -1.14892781, y: -3.27356124}
  - {x: -1.21596587, y: -3.29184437}
  - {x: -1.30890489, y: -3.28270268}
  - {x: -1.3835609, y: -3.21871185}
  - {x: -1.41098559, y: -3.11815476}
  - {x: -1.39422607, y: -2.98560214}
--- !u!114 &11472174
MonoBehaviour:
  m_ObjectHideFlags: 1
  m_PrefabParentObject: {fileID: 0}
  m_PrefabInternal: {fileID: 100100000}
  m_GameObject: {fileID: 148900}
  m_Enabled: 1
  m_EditorHideFlags: 0
  m_Script: {fileID: 11500000, guid: f2cb82b10fc94d44593a64cf74ecef34, type: 3}
  m_Name: 
  m_EditorClassIdentifier: 
  dots:
  - {x: -7.28943729, y: -1.45797062}
  - {x: -7.49964905, y: -1.65416801}
  - {x: -7.62577581, y: -2.02203846}
  - {x: -7.69234276, y: -2.26027822}
  - {x: -7.86751938, y: -2.23925734}
--- !u!114 &11473782
MonoBehaviour:
  m_ObjectHideFlags: 1
  m_PrefabParentObject: {fileID: 0}
  m_PrefabInternal: {fileID: 100100000}
  m_GameObject: {fileID: 194158}
  m_Enabled: 1
  m_EditorHideFlags: 0
  m_Script: {fileID: 11500000, guid: f2cb82b10fc94d44593a64cf74ecef34, type: 3}
  m_Name: 
  m_EditorClassIdentifier: 
  dots:
  - {x: 6.31419373, y: -3.02122927}
  - {x: 6.29824495, y: -2.72504067}
  - {x: 6.32102871, y: -2.39923334}
  - {x: 6.42355537, y: -2.18506622}
  - {x: 6.56937122, y: -1.95495093}
  - {x: 6.77214622, y: -1.8569808}
  - {x: 6.95213795, y: -1.85014534}
  - {x: 7.10706758, y: -1.90482652}
  - {x: 7.25971842, y: -2.08253932}
  - {x: 7.37819386, y: -2.35366607}
  - {x: 7.43971014, y: -2.59973025}
  - {x: 7.47844219, y: -2.73415422}
  - {x: 7.48983431, y: -2.93920779}
  - {x: 7.44882345, y: -3.18982887}
  - {x: 7.39186382, y: -3.43817163}
  - {x: 7.28705883, y: -3.65006042}
  - {x: 7.15263462, y: -3.8118248}
  - {x: 6.98175621, y: -3.8323319}
  - {x: 6.82682657, y: -3.79359961}
  - {x: 6.64227867, y: -3.67968106}
  - {x: 6.45773029, y: -3.53386497}
  - {x: 6.36659527, y: -3.29235744}
  - {x: 6.31874943, y: -3.01667428}
--- !u!114 &11475290
MonoBehaviour:
  m_ObjectHideFlags: 1
  m_PrefabParentObject: {fileID: 0}
  m_PrefabInternal: {fileID: 100100000}
  m_GameObject: {fileID: 113136}
  m_Enabled: 1
  m_EditorHideFlags: 0
  m_Script: {fileID: 11500000, guid: f2cb82b10fc94d44593a64cf74ecef34, type: 3}
  m_Name: 
  m_EditorClassIdentifier: 
  dots:
  - {x: -7.4997077, y: -1.73057985}
  - {x: -6.91976547, y: -1.7240268}
--- !u!114 &11475466
MonoBehaviour:
  m_ObjectHideFlags: 1
  m_PrefabParentObject: {fileID: 0}
  m_PrefabInternal: {fileID: 100100000}
  m_GameObject: {fileID: 144546}
  m_Enabled: 1
  m_EditorHideFlags: 0
  m_Script: {fileID: 11500000, guid: f2cb82b10fc94d44593a64cf74ecef34, type: 3}
  m_Name: 
  m_EditorClassIdentifier: 
  dots:
  - {x: -7.72305679, y: -3.50892353}
  - {x: -7.7375145, y: -3.28627467}
  - {x: -7.71571064, y: -3.09074354}
  - {x: -7.67197037, y: -3.06314802}
  - {x: -7.10426617, y: -3.0838666}
  - {x: -5.80017948, y: -3.13591433}
  - {x: -5.67006016, y: -3.22266054}
  - {x: -5.47921801, y: -3.50024891}
  - {x: -5.46186876, y: -3.73157263}
  - {x: -5.51391649, y: -3.76627088}
  - {x: -6.50860834, y: -3.80096912}
  - {x: -6.97703838, y: -3.7922945}
  - {x: -7.44546843, y: -3.71422362}
  - {x: -7.69992447, y: -3.61012769}
  - {x: -7.72016573, y: -3.50314021}
--- !u!114 &11480848
MonoBehaviour:
  m_ObjectHideFlags: 1
  m_PrefabParentObject: {fileID: 0}
  m_PrefabInternal: {fileID: 100100000}
  m_GameObject: {fileID: 128606}
  m_Enabled: 1
  m_EditorHideFlags: 0
  m_Script: {fileID: 11500000, guid: f2cb82b10fc94d44593a64cf74ecef34, type: 3}
  m_Name: 
  m_EditorClassIdentifier: 
  dots:
  - {x: 5.73955107, y: -.988122344}
  - {x: 5.7640419, y: -.936079025}
  - {x: 6.17120457, y: -.939140379}
  - {x: 6.2431469, y: -.981999636}
  - {x: 6.24620819, y: -1.01720536}
  - {x: 6.20181799, y: -1.0753715}
  - {x: 6.16967392, y: -1.04169631}
  - {x: 5.76557255, y: -1.04475784}
  - {x: 5.73802042, y: -.986591697}
--- !u!114 &11482112
MonoBehaviour:
  m_ObjectHideFlags: 1
  m_PrefabParentObject: {fileID: 0}
  m_PrefabInternal: {fileID: 100100000}
  m_GameObject: {fileID: 168110}
  m_Enabled: 1
  m_EditorHideFlags: 0
  m_Script: {fileID: 11500000, guid: f2cb82b10fc94d44593a64cf74ecef34, type: 3}
  m_Name: 
  m_EditorClassIdentifier: 
  dots:
  - {x: -6.55607271, y: -2.04184818}
  - {x: -5.50431347, y: -1.96321177}
--- !u!114 &11484478
MonoBehaviour:
  m_ObjectHideFlags: 1
  m_PrefabParentObject: {fileID: 0}
  m_PrefabInternal: {fileID: 100100000}
  m_GameObject: {fileID: 140146}
  m_Enabled: 1
  m_EditorHideFlags: 0
  m_Script: {fileID: 11500000, guid: f2cb82b10fc94d44593a64cf74ecef34, type: 3}
  m_Name: 
  m_EditorClassIdentifier: 
  dots:
  - {x: .102285385, y: -3.54506063}
  - {x: 4.11906433, y: -3.26403141}
  - {x: 6.02164316, y: -3.11382937}
--- !u!114 &11486944
MonoBehaviour:
  m_ObjectHideFlags: 1
  m_PrefabParentObject: {fileID: 0}
  m_PrefabInternal: {fileID: 100100000}
  m_GameObject: {fileID: 159054}
  m_Enabled: 1
  m_EditorHideFlags: 0
  m_Script: {fileID: 11500000, guid: f2cb82b10fc94d44593a64cf74ecef34, type: 3}
  m_Name: 
  m_EditorClassIdentifier: 
  dots:
  - {x: -7.00200272, y: -1.95850527}
  - {x: -6.91812897, y: -1.73484123}
  - {x: -6.77833891, y: -1.62300932}
  - {x: -6.64903259, y: -1.67193568}
  - {x: -6.61059046, y: -1.92355776}
  - {x: -6.64903259, y: -2.17517972}
  - {x: -6.76086473, y: -2.32894874}
  - {x: -6.87619162, y: -2.35690689}
  - {x: -7.00200272, y: -2.24158001}
  - {x: -7.00200319, y: -1.96898937}
--- !u!114 &11487476
MonoBehaviour:
  m_ObjectHideFlags: 1
  m_PrefabParentObject: {fileID: 0}
  m_PrefabInternal: {fileID: 100100000}
  m_GameObject: {fileID: 110584}
  m_Enabled: 1
  m_EditorHideFlags: 0
  m_Script: {fileID: 11500000, guid: f2cb82b10fc94d44593a64cf74ecef34, type: 3}
  m_Name: 
  m_EditorClassIdentifier: 
  dots:
  - {x: -2.668926, y: -3.90571904}
  - {x: -2.56132674, y: -4.15997505}
  - {x: -2.3324914, y: -4.41386652}
  - {x: -1.86939621, y: -4.59861279}
  - {x: -1.00145674, y: -4.57763529}
  - {x: -.634914398, y: -4.44018173}
  - {x: -.38291657, y: -4.19391108}
  - {x: -.165281653, y: -3.89036798}
  - {x: -.0450105667, y: -3.49518967}
  - {x: .000808000565, y: -3.14010167}
  - {x: -.0221012831, y: -2.75065017}
  - {x: -.136645794, y: -2.29247212}
  - {x: -.331371427, y: -1.97747421}
  - {x: -.652096152, y: -1.73120403}
  - {x: -1.0415473, y: -1.58802319}
  - {x: -1.25345504, y: -1.58229589}
--- !u!114 &11492980
MonoBehaviour:
  m_ObjectHideFlags: 1
  m_PrefabParentObject: {fileID: 0}
  m_PrefabInternal: {fileID: 100100000}
  m_GameObject: {fileID: 196624}
  m_Enabled: 1
  m_EditorHideFlags: 0
  m_Script: {fileID: 11500000, guid: f2cb82b10fc94d44593a64cf74ecef34, type: 3}
  m_Name: 
  m_EditorClassIdentifier: 
  dots:
  - {x: -7.88887215, y: -2.24132729}
  - {x: -7.59307337, y: -1.67490399}
  - {x: -7.00776958, y: -1.290995}
  - {x: -5.83716154, y: -.963728189}
  - {x: -4.47145224, y: -.65534234}
  - {x: -3.41412878, y: -.479121923}
  - {x: -2.35051131, y: .125061572}
  - {x: -1.57639956, y: .496383369}
  - {x: -.670122266, y: .804769397}
  - {x: -.0974056721, y: .905466795}
  - {x: 1.49487317, y: 1.0502193}
  - {x: 2.81652761, y: 1.06910014}
  - {x: 4.26405191, y: .930640578}
  - {x: 5.38431168, y: .57190603}
  - {x: 6.3849926, y: .0180699825}
  - {x: 7.08357906, y: -.35954541}
  - {x: 8.00244331, y: -1.00778532}
  - {x: 8.17236996, y: -1.52385998}
  - {x: 8.41152573, y: -1.96441174}
  - {x: 8.31712151, y: -2.71964264}
  - {x: 8.0276165, y: -3.09096432}
  - {x: 7.51783609, y: -3.33012056}
  - {x: 7.6625886, y: -2.66300011}
  - {x: 7.54301023, y: -2.11545753}
  - {x: 7.22833061, y: -1.73154879}
  - {x: 6.99546814, y: -1.63085127}
  - {x: 6.55491686, y: -1.78189754}
  - {x: 6.25282431, y: -2.20356798}
  - {x: 6.01996136, y: -3.02802849}
  - {x: 5.96331882, y: -3.55039644}
  - {x: .00328791142, y: -3.95948243}
  - {x: .085101366, y: -3.44970608}
  - {x: .085101366, y: -2.79517293}
  - {x: -.0218895674, y: -2.23504353}
  - {x: -.361743331, y: -1.76302385}
  - {x: -.821175456, y: -1.53645468}
  - {x: -1.38759851, y: -1.5805099}
  - {x: -1.87220514, y: -1.75043643}
  - {x: -2.22464657, y: -2.11546493}
  - {x: -2.40086699, y: -2.5371356}
  - {x: -2.5078578, y: -3.2923665}
  - {x: -2.53303194, y: -3.83990908}
  - {x: -4.37552977, y: -4.0131216}
  - {x: -5.6053915, y: -3.96050739}
  - {x: -6.8812952, y: -4.03942585}
  - {x: -7.73627996, y: -3.86842918}
  - {x: -8.16377163, y: -3.76977682}
  - {x: -8.0322361, y: -3.46724391}
  - {x: -8.14404106, y: -2.92136884}
  - {x: -8.11773396, y: -2.47414637}
  - {x: -7.88096905, y: -2.2636888}
--- !u!114 &11494928
MonoBehaviour:
  m_ObjectHideFlags: 1
  m_PrefabParentObject: {fileID: 0}
  m_PrefabInternal: {fileID: 100100000}
  m_GameObject: {fileID: 173368}
  m_Enabled: 1
  m_EditorHideFlags: 0
  m_Script: {fileID: 11500000, guid: f2cb82b10fc94d44593a64cf74ecef34, type: 3}
  m_Name: 
  m_EditorClassIdentifier: 
  dots:
  - {x: 1.39247823, y: -.224402383}
  - {x: 1.57179964, y: -.171985418}
  - {x: 1.53869414, y: -.0312871113}
  - {x: 1.80077934, y: .16182825}
  - {x: 2.13735175, y: .211486459}
  - {x: 2.47392416, y: .103893667}
  - {x: 2.62289882, y: -.119568437}
  - {x: 2.56772304, y: -.28233704}
  - {x: 1.74560344, y: -.315442473}
  - {x: 1.60214651, y: -.538904548}
  - {x: 1.37316668, y: -.503040314}
  - {x: 1.32350862, y: -.356824398}
  - {x: 1.39523697, y: -.227161303}
--- !u!1001 &100100000
Prefab:
  m_ObjectHideFlags: 1
  serializedVersion: 2
  m_Modification:
    m_TransformParent: {fileID: 0}
    m_Modifications:
    - target: {fileID: 0}
      propertyPath: carImageName
      value: car_3
      objectReference: {fileID: 0}
    - target: {fileID: 0}
      propertyPath: order
      value: 3
      objectReference: {fileID: 0}
    m_RemovedComponents: []
  m_ParentPrefab: {fileID: 0}
  m_RootGameObject: {fileID: 173760}
  m_IsPrefabParent: 1
